<?xml version="1.0" encoding="UTF-8"?>
<collection xmlns:xsi="http://www.w3.org/2001/XMLSchema-instance" xsi:schemaLocation="http://www.loc.gov/MARC21/slim http://www.loc.gov/standards/marcxml/schema/MARC21slim.xsd" xmlns="http://www.loc.gov/MARC21/slim">
<record>
  <leader>00985cam a22002411i 4500</leader>
  <controlfield tag="001">2984611</controlfield>
  <controlfield tag="003">NNC</controlfield>
  <controlfield tag="005">20150817132411.0</controlfield>
  <controlfield tag="008">010226s1927    ua            000 0 ara d</controlfield>
  <datafield tag="035" ind1=" " ind2=" ">
    <subfield code="a">(OCoLC)ocm46322982</subfield>
  </datafield>
  <datafield tag="035" ind1=" " ind2=" ">
    <subfield code="9">ASN1798CU</subfield>
  </datafield>
  <datafield tag="035" ind1=" " ind2=" ">
    <subfield code="a">(NNC)2984611</subfield>
  </datafield>
  <datafield tag="040" ind1=" " ind2=" ">
    <subfield code="a">ZCU</subfield>
    <subfield code="c">ZCU</subfield>
  </datafield>
  <datafield tag="090" ind1=" " ind2=" ">
    <subfield code="a">PJ7760.K3</subfield>
    <subfield code="b">B37 1927</subfield>
  </datafield>
  <datafield tag="100" ind1="0" ind2=" ">
    <subfield code="a">Kaʻb ibn Zuhayr.</subfield>
  </datafield>
  <datafield tag="240" ind1="1" ind2="0">
    <subfield code="a">Qaṣīdat al-Burdah</subfield>
  </datafield>
  <datafield tag="245" ind1="1" ind2="0">
    <subfield code="a">Qasīdat ʹBānat Suʻādʹ :</subfield>
    <subfield code="b">fī madḥ khayr al-ʻibād /</subfield>
    <subfield code="c">li Kaʻb ibn Zuhayr ; sharḥ Abī Muḥammad Jamāl al-Dīn ʻAbd Allāh ibn Hishām al-Anṣārī. Wa-bihāmishihī, Ḥāshiyat al-isʻād ʻalā Bānat Suʻād, li Ibrāhīm al-Bājūrī.</subfield>
  </datafield>
  <datafield tag="246" ind1="3" ind2="0">
    <subfield code="a">Bānat Suʹād</subfield>
  </datafield>
  <datafield tag="260" ind1=" " ind2=" ">
    <subfield code="a">Miṣr :</subfield>
    <subfield code="b">Maṭbaʻạt Muḥammad ʻAlī Sabīḥ,</subfield>
    <subfield code="c">1346 [1927]</subfield>
  </datafield>
  <datafield tag="300" ind1=" " ind2=" ">
    <subfield code="a">88 p. ;</subfield>
    <subfield code="c">27 cm.</subfield>
  </datafield>
  <datafield tag="700" ind1="1" ind2=" ">
    <subfield code="a">Ibn Hishām, ʻAbd Allāh ibn Yūsuf,</subfield>
    <subfield code="d">1309-1360.</subfield>
  </datafield>
  <datafield tag="700" ind1="1" ind2=" ">
    <subfield code="a">Bājūrī, Ibrāhīm ibn Muḥammad,</subfield>
    <subfield code="d">1783 or 1784-1860.</subfield>
  </datafield>
  <datafield tag="955" ind1=" " ind2=" ">
    <subfield code="b">0036761435</subfield>
    <subfield code="d">glx</subfield>
    <subfield code="e">PJ7760.K3 B37 1927</subfield>
  </datafield>
</record>
</collection>